@article{Corral2020,
  title = {The Brevity Law as a Scaling Law,  and a Possible Origin of Zipf’s Law for Word Frequencies},
  volume = {22},
  ISSN = {1099-4300},
  url = {http://dx.doi.org/10.3390/e22020224},
  DOI = {10.3390/e22020224},
  number = {2},
  journal = {Entropy},
  publisher = {MDPI AG},
  author = {Corral,  Álvaro and Serra,  Isabel},
  year = {2020},
  month = feb,
  pages = {224}
}
@inproceedings{FerrerICancho2018,
  title = {The evolution of optimized language in the light of standard information theory},
  url = {http://dx.doi.org/10.12775/3991-1.029},
  DOI = {10.12775/3991-1.029},
  booktitle = {Proceedings of the 12th International Conference on the Evolution of Language (Evolang12)},
  publisher = {Wydawnictwo Naukowe Uniwersytetu Mikołaja Kopernika},
  author = {Ferrer-I-Cancho,  Ramon and Bentz,  Chris},
  year = {2018}
}
@misc{Glottolog,
	author = {Glottolog},
	title = { {G}lottolog 5.0 -  --- glottolog.org},
	howpublished = {\url{https://glottolog.org/}},
	year = {},
	note = {[Accessed 11-04-2024]},
}
@article{michaud2012monosyllabicization,
  title={Monosyllabicization: patterns of evolution in Asian languages},
  author={Michaud, Alexis},
  journal={Monosyllables: from phonology to typology},
  pages={115--130},
  year={2012},
  publisher={Berlin: Akademie Verlag}
}
@article{bentz2016zipf,
  title={Zipf's law of abbreviation as a language universal},
  author={Bentz, Christian and Ferrer-i-Cancho, Ramon},
  year={2016},
  publisher={Universit{\"a}t T{\"u}bingen}
}
